<?xml version="1.0" encoding="UTF-8"?><collection xmlns="http://www.loc.gov/MARC21/slim"><record><leader>00468nam--2200145-i-4500</leader><controlfield tag="001">000016118</controlfield><controlfield tag="002">20161230</controlfield><controlfield tag="005">20170208170448</controlfield><controlfield tag="008">060222s1000------------r-----000-0-eng-d</controlfield><datafield ind1=" " ind2=" " tag="100"><subfield code="a">Collin, Paul</subfield></datafield><datafield ind1=" " ind2=" " tag="245"><subfield code="a">Contribution a l etude des zeolites bioniques du type a et x localisation des ions echangeables des techniques d adsorption</subfield><subfield code="b">these</subfield></datafield><datafield ind1=" " ind2=" " tag="260"><subfield code="a">Strasbourg</subfield><subfield code="b">Faculte Des Sciences</subfield><subfield code="c">1970</subfield></datafield><datafield ind1=" " ind2=" " tag="300"><subfield code="a">86 p</subfield></datafield><datafield ind1=" " ind2=" " tag="852"><subfield code="a">541.183(043)</subfield></datafield><datafield ind1=" " ind2=" " tag="CAT"><subfield code="a">SYS</subfield><subfield code="c">20170208</subfield><subfield code="h">170448</subfield></datafield></record></collection>